<record><leader>00000cas a22000007a 4500</leader><controlfield tag="001">13755049</controlfield><controlfield tag="008">860620c19099999nvuwr ne      0    0eng d</controlfield><datafield ind1=" " ind2=" " tag="010"><subfield code="a">sn 86076207 </subfield></datafield><datafield ind1=" " ind2=" " tag="040"><subfield code="a">NNX</subfield><subfield code="b">eng</subfield><subfield code="c">NNX</subfield><subfield code="d">OCL</subfield><subfield code="d">OCLCQ</subfield></datafield><datafield ind1=" " ind2=" " tag="042"><subfield code="a">msc</subfield></datafield><datafield ind1="0" ind2="0" tag="245"><subfield code="a">Mason Valley news.</subfield></datafield><datafield ind1="1" ind2="3" tag="246"><subfield code="a">Mason Valley news &amp; Yerington times</subfield></datafield><datafield ind1="1" ind2="3" tag="246"><subfield code="a">Tri-town news and Mason Valley news</subfield></datafield><datafield ind1="1" ind2="3" tag="246"><subfield code="a">North Lyon county leader</subfield></datafield><datafield ind1=" " ind2=" " tag="260"><subfield code="a">Mason, Nev. :</subfield><subfield code="b">Emerson Pub. Co.,</subfield><subfield code="c">1909-</subfield></datafield><datafield ind1=" " ind2=" " tag="300"><subfield code="a">v. :</subfield><subfield code="b">ill.</subfield></datafield><datafield ind1=" " ind2=" " tag="310"><subfield code="a">Weekly</subfield></datafield><datafield ind1="0" ind2=" " tag="362"><subfield code="a">Vol. 1, no. 1 (Mar. 19, 1909)-</subfield></datafield><datafield ind1=" " ind2=" " tag="500"><subfield code="a">Title from publisher's statement: Mason Valley news &amp; Yerington times, Feb. 11, 1932-Dec. 23, 1966.</subfield></datafield><datafield ind1=" " ind2=" " tag="500"><subfield code="a">Place of publication changes to Yerington, Nev., Dec. 11, 1914.</subfield></datafield><datafield ind1=" " ind2=" " tag="500"><subfield code="a">Publisher: Sept. 6, 1919-Sept. 20, 1919, Whorton &amp; McNeary; Sept. 27, 1919-Jan. 12, 1924, Whorton &amp; Cox; Jan. 19, 1924-Apr. 17, 1936, F.S. Cox; Apr. 24, 1936-Jan. 10, 1946, W.J. Cox; Jan. 17, 1946-Jan. 4, 1957, W. Cox and J. Carpenter; Jan. 11, 1957-Mar. 29, 1957, W. Cox; Apr. 5, 1957-Oct. 27, 1972, W. Cox and R. Sanford; Nov. 8, 1972-Mar. 25, 1983, R. Sanford; Apr. 1, 1983-, B. Sanford and J. Sanford.</subfield></datafield><datafield ind1=" " ind2=" " tag="500"><subfield code="a">Title of second section: Jan. 31, 1973-Jan. 3, 1980, Tri-town news and Mason Valley news; Jan. 11, 1980-June 29, 1983, The North Lyon county leader.</subfield></datafield><datafield ind1=" " ind2=" " tag="515"><subfield code="a">Frequent misnumberings and misdatings.</subfield></datafield><datafield ind1=" " ind2=" " tag="525"><subfield code="a">Supplements accompany some issues.</subfield></datafield><datafield ind1=" " ind2=" " tag="580"><subfield code="a">Absorbed Tri-town times, Nov. 12, 1958.</subfield></datafield><datafield ind1=" " ind2=" " tag="752"><subfield code="a">United States</subfield><subfield code="b">Nevada</subfield><subfield code="c">Lyon</subfield><subfield code="d">Mason.</subfield></datafield><datafield ind1=" " ind2=" " tag="752"><subfield code="a">United States</subfield><subfield code="b">Nevada</subfield><subfield code="c">Lyon</subfield><subfield code="d">Yerington.</subfield></datafield><datafield ind1="1" ind2="5" tag="780"><subfield code="t">Tri-town times</subfield><subfield code="w">(DLC)sn 86076195</subfield></datafield></record>